@thesis{Miano:2650559,
      author        = "Miano, Fabrizio and Salvatore, Fabrizio",
      title         = "{Optimisation studies and data-driven background
                       estimation in searches for the supersymmetric partner of
                       the top quark with the ATLAS Detector at the LHC}",
      month         = "Sep",
      year          = "2018",
      reportNumber  = "CERN-THESIS-2018-277",
      url           = "http://cds.cern.ch/record/2650559",
      note          = "Presented 28 Sep 2018",
}

@article{stop0L,
      author         = {{The ATLAS Collaboration}},
      title          = "{Search for a scalar partner of the top quark in the jets
                        plus missing transverse momentum final state at
                        $\sqrt{s}$=13 TeV with the ATLAS detector}",
      collaboration  = "ATLAS",
      journal        = "JHEP",
      volume         = "12",
      year           = "2017",
      pages          = "085",
      doi            = "10.1007/JHEP12(2017)085",
      eprint         = "1709.04183",
      archivePrefix  = "arXiv",
      primaryClass   = "hep-ex",
      reportNumber   = "CERN-EP-2017-162",
      SLACcitation   = "%%CITATION = ARXIV:1709.04183;%%"
}

@article{ICHEPstop0L,
      author         = {{The ATLAS Collaboration}},
      title          = "{Search for the Supersymmetric Partner of the Top Quark
                        in the Jets+\met\ Final State at $\sqrt{s} = 13$ TeV}",
      journal    = "CERN Document Server", 
      year           = "2016",
      reportNumber   = "ATLAS-CONF-2016-077",
      SLACcitation   = "%%CITATION = ATLAS-CONF-2016-077;%%"
}

@article{DMhf,
      author         = {{The ATLAS Collaboration}},
      title          = "{Search for dark matter produced in association with
                        bottom or top quarks in $\sqrt{s}$ = 13 TeV pp collisions
                        with the ATLAS detector}",
      collaboration  = "ATLAS",
journal="The European Physical Journal C",
      year           = "2017",
      eprint         = "1710.11412",
      volume         = "ICHEP2016",
      year           = "2016",
      pages          = "856",
      reportNumber   = "CERN-EP-2017-229",
url="https://doi.org/10.1140/epjc/s10052-017-5486-1"
}

@Article{Aaboud2017,
author={{The ATLAS Collaboration}},
title="Performance of the ATLAS trigger system in 2015",
journal="The European Physical Journal C",
year="2017",
month="5",
day="18",
volume="77",
number="5",
pages="317",
issn="1434-6052",
doi="10.1140/epjc/s10052-017-4852-3",
url="https://doi.org/10.1140/epjc/s10052-017-4852-3"
}

@inproceedings{Miano:2016oty,
      author         = {{F. Miano for the ATLAS Collaboration}},
      title          = "{The design and performance of the ATLAS Inner Detector
                        trigger for Run 2 LHC collisions at $\sqrt{s} =$ 13 TeV}",
      booktitle      = "{Proceedings, 38th International Conference on High Energy Physics (ICHEP 2016): Chicago, IL, USA, August
                        3-10, 2016}",
      journal        = "PoS"
}